@article{Biessmann2017,
	author="Felix Biessmann and Pola Lehmann and Daniel Kirsch and Sebastian Schelter",
	title="Predicting political party affiliation from text",
	year="2017",
	url="https://ssc.io/pdf/poltext.pdf",
}
@article{Pelevinala2016,
	author="Maria Pelevina1a and Nikolay Arefyev and Chris Biemann and Alexander Panchenko",
	title="Making Sense of Word Embeddings",
	year="2016",
	url="https://www.lt.informatik.tu-darmstadt.de/fileadmin/user_upload/Group_LangTech/publications/representation-learning.pdf",
}
@article{Misra20XX,
	author="Arkajyoti Misra and Sanjib Basak",
	title="Political Bias Analysis",
	url="https://cs224d.stanford.edu/reports/MisraBasak.pdf",
}
@article{Bhanda2009,
	author="Maneesh Bhanda and Dan Robinson and Conal Sathi",
	title="Text Classifiers for Political Ideologies",
	year="2009",
	url="https://nlp.stanford.edu/courses/cs224n/2009/fp/7.pdf",
}
@article{Kim2014,
	author="Yoon Kim",
	title="Convolutional Neural Networks for Sentence Classification",
	url="https://arxiv.org/pdf/1408.5882.pdf",
}
@article{Cohen20XX,
	author="Raviv Cohen and Derek Ruths",
	title="Classifying Political Orientation on Twitter: Itâ€™s Not Easy!",
	url="https://www.aaai.org/ocs/index.php/ICWSM/ICWSM13/paper/viewFile/6128/6347",
}
@misc{WikiWordEmbedding,
	title="Word embeddings",
	url="https://en.wikipedia.org/wiki/Word_embedding",
}