@article{Biessmann2017,
	author="Felix Biessmann and Pola Lehmann and Daniel Kirsch and Sebastian Schelter",
	title="Predicting political party affiliation from text",
	year="2017",
	url="https://ssc.io/pdf/poltext.pdf",
}
@article{Pelevinala2016,
	author="Maria Pelevina1a and Nikolay Arefyev and Chris Biemann and Alexander Panchenko",
	title="Making Sense of Word Embeddings",
	year="2016",
	url="https://www.lt.informatik.tu-darmstadt.de/fileadmin/user_upload/Group_LangTech/publications/representation-learning.pdf",
}
@article{Misra2016,
	author="Arkajyoti Misra and Sanjib Basak",
	title="Political Bias Analysis",
	year={2016},
	url="https://cs224d.stanford.edu/reports/MisraBasak.pdf",
}
@article{Bhanda2009,
	author="Maneesh Bhanda and Dan Robinson and Conal Sathi",
	title="Text Classifiers for Political Ideologies",
	year="2009",
	url="https://nlp.stanford.edu/courses/cs224n/2009/fp/7.pdf",
}
@article{Kim2014,
	author="Yoon Kim",
	title="Convolutional Neural Networks for Sentence Classification",
	year={2014},
	url="https://arxiv.org/pdf/1408.5882.pdf",
}
@article{Cohen2013,
	author="Raviv Cohen and Derek Ruths",
	title="Classifying Political Orientation on Twitter: Itâ€™s Not Easy!",
	year={2013},
	url="https://www.aaai.org/ocs/index.php/ICWSM/ICWSM13/paper/viewFile/6128/6347",
}
@misc{WikiWordEmbedding,
	title="Word embeddings",
	year={2017},
	url="https://en.wikipedia.org/wiki/Word_embedding",
}

@article{SuggestedAdditionalResource2018,
	title="Ideology Classifiers for Political Speech",
	year=2007,
	url={https://papers.ssrn.com/sol3/papers.cfm?abstract_id=1026925}
}

@article{DBLP:journals/corr/abs-1301-3781,
  author    = {Tomas Mikolov and
               Kai Chen and
               Greg Corrado and
               Jeffrey Dean},
  title     = {Efficient Estimation of Word Representations in Vector Space},
  journal   = {CoRR},
  volume    = {abs/1301.3781},
  year      = {2013},
  url       = {http://arxiv.org/abs/1301.3781},
  archivePrefix = {arXiv},
  eprint    = {1301.3781},
  timestamp = {Wed, 07 Jun 2017 14:42:25 +0200},
  biburl    = {http://dblp.org/rec/bib/journals/corr/abs-1301-3781},
  bibsource = {dblp computer science bibliography, http://dblp.org}
}
@article{Laurens2008,
	author={Laurens van der Maaten and
			Geoffrey Hinton},
	title={Visualizing Data using t-SNE},
	year={2008},
	url={http://www.jmlr.org/papers/volume9/vandermaaten08a/vandermaaten08a.pdf}
}
@article{Richardson2009,
	auhtor={Mark Richardson},
	title={Principal Component Analysis},
	year={2009},
	url={http://www.dsc.ufcg.edu.br/~hmg/disciplinas/posgraduacao/rn-copin-2014.3/material/SignalProcPCA.pdf}
}
@article{Hauke2011,
	author={Jan Hauke and Tomasz Kossowski},
	title={Comparison of Values of Pearson's and Spearman's Correlation Coefficients on the same sets of data},
	year={2011},
	url={http://citeseerx.ist.psu.edu/viewdoc/download?doi=10.1.1.466.4196&rep=rep1&type=pdf}
}
@inproceedings{Sundermeyer2012lstm,
  title={LSTM neural networks for language modeling},
  author={Sundermeyer, Martin and Schl{\"u}ter, Ralf and Ney, Hermann},
  booktitle={Thirteenth Annual Conference of the International Speech Communication Association},
  year={2012}
}

@online{PoliticalCompass2017,
	title={German General Election 2017},
	year={2017},
	url={https://www.politicalcompass.org/germany2017}
}

@ARTICLE{8019864, 
	author={S. Liu and P. T. Bremer and J. J. Thiagarajan and V. Srikumar and B. Wang and Y. Livnat and V. Pascucci}, 
	journal={IEEE Transactions on Visualization and Computer Graphics}, 
	title={Visual Exploration of Semantic Relationships in Neural Word Embeddings}, 
	year={2018}, 
	volume={24}, 
	number={1}, 
	pages={553-562}, 
	keywords={Data visualization;Natural language processing;Principal component analysis;Semantics;Tools;Visualization;High-Dimensional Data;Natural Language Processing;Word Embedding}, 
	doi={10.1109/TVCG.2017.2745141}, 
	ISSN={1077-2626}, 
	month={Jan},}

@article{cieliebak2017twitter,
	title={A Twitter Corpus and Benchmark Resources for German Sentiment Analysis},
	author={Cieliebak, Mark and Deriu, Jan and Egger, Dominic and Uzdilli, Fatih},
	journal={SocialNLP 2017},
	pages={45},
	year={2017}
}